<record><leader>00000cas a22000007a 4500</leader><controlfield tag="001">28037879</controlfield><controlfield tag="008">930504d191919uumouwr ne      0    0eng d</controlfield><datafield ind1=" " ind2=" " tag="010"><subfield code="a">sn 93059968 </subfield></datafield><datafield ind1=" " ind2=" " tag="040"><subfield code="a">MQN</subfield><subfield code="b">eng</subfield><subfield code="c">MQN</subfield><subfield code="d">OCLCQ</subfield><subfield code="d">OCLCF</subfield><subfield code="d">OCLCO</subfield></datafield><datafield ind1=" " ind2=" " tag="042"><subfield code="a">msc</subfield></datafield><datafield ind1=" " ind2=" " tag="043"><subfield code="a">n-usc--</subfield></datafield><datafield ind1="0" ind2="0" tag="245"><subfield code="a">Central oil news.</subfield></datafield><datafield ind1=" " ind2=" " tag="260"><subfield code="a">Kansas City, Mo. :</subfield><subfield code="b">Central Funding Co.</subfield></datafield><datafield ind1=" " ind2=" " tag="300"><subfield code="a">v.</subfield></datafield><datafield ind1=" " ind2=" " tag="310"><subfield code="a">Weekly</subfield></datafield><datafield ind1=" " ind2=" " tag="588"><subfield code="a">Description based on: Vol. 1, no. 9 (Jan. 24, 1920).</subfield></datafield><datafield ind1=" " ind2="0" tag="650"><subfield code="a">Petroleum industry and trade</subfield><subfield code="z">Middle West</subfield><subfield code="v">Newspapers.</subfield></datafield><datafield ind1=" " ind2="7" tag="655"><subfield code="a">Newspapers.</subfield><subfield code="2">fast</subfield><subfield code="0">(OCoLC)fst01423814</subfield></datafield><datafield ind1=" " ind2="7" tag="650"><subfield code="a">Petroleum industry and trade.</subfield><subfield code="2">fast</subfield><subfield code="0">(OCoLC)fst01059546</subfield></datafield><datafield ind1=" " ind2="7" tag="651"><subfield code="a">Middle West.</subfield><subfield code="2">fast</subfield><subfield code="0">(OCoLC)fst01240052</subfield></datafield><datafield ind1=" " ind2=" " tag="752"><subfield code="a">United States</subfield><subfield code="b">Missouri</subfield><subfield code="c">Jackson</subfield><subfield code="d">Kansas City.</subfield></datafield></record>